<?xml version="1.0" encoding="UTF-8"?><record xmlns="http://www.loc.gov/MARC21/slim" xmlns:cinclude="http://apache.org/cocoon/include/1.0" xmlns:zs="http://www.loc.gov/zing/srw/">
  <leader>00383nz  a2200133n  4500</leader>
  <controlfield tag="001">no2002076651</controlfield>
  <controlfield tag="003">DLC</controlfield>
  <controlfield tag="005">20020823052827.0</controlfield>
  <controlfield tag="008">020822n| acannaabn          |n ana     c</controlfield>
  <datafield tag="010" ind1=" " ind2=" ">
    <subfield code="a">no2002076651</subfield>
  </datafield>
  <datafield tag="035" ind1=" " ind2=" ">
    <subfield code="a">(OCoLC)oca05844885</subfield>
  </datafield>
  <datafield tag="040" ind1=" " ind2=" ">
    <subfield code="a">CU-RivAV</subfield>
    <subfield code="b">eng</subfield>
    <subfield code="c">CU-RivAV</subfield>
  </datafield>
  <datafield tag="110" ind1="2" ind2=" ">
    <subfield code="a">Prometheus Nemesis Book Co.</subfield>
  </datafield>
  <datafield tag="670" ind1=" " ind2=" ">
    <subfield code="a">Please understand me, c1995:</subfield>
    <subfield code="b">container (Prometheus Nemesis Book Co.)</subfield>
  </datafield>
</record>